% This file was created with JabRef 2.10.
% Encoding: UTF-8


@Misc{cnn:005,
  Title                    = {Convolutional neural network --- Wikipedia{,} The Free Encyclopedia},

  Author                   = {Wikipedia contributors},
  Note                     = {[Använd 3-April-2018]},
  Year                     = {2018},

  Timestamp                = {2018.04.03},
  Url                      = {https://en.wikipedia.org/w/index.php?title=Convolutional_neural_network&oldid=832961286}
}

@Misc{wiki:015,
  Title                    = {Artificial neural network --- Wikipedia{,} The Free Encyclopedia},

  Author                   = {Wikipedia contributors},
  Note                     = {[Använd 28-Mars-2018]},
  Year                     = {2018},

  Url                      = {https://en.wikipedia.org/w/index.php?title=Artificial_neural_network&oldid=830851868}
}

@Misc{wiki:002,
  Title                    = {Precision and recall --- {W}ikipedia{,} The Free Encyclopedia},

  Author                   = {Wikipedia contributors},
  Note                     = {[Använd 29-Januari 2018]},
  Year                     = {2016},

  Owner                    = {hpnotiqz},
  Timestamp                = {2018.01.29},
  Url                      = {https://en.wikipedia.org/wiki/Precision_and_recall}
}

@Misc{wiki:004,
  Title                    = {Atari games --- {W}ikipedia{,} The Free Encyclopedia},

  Author                   = {Wikipedia contributors},
  Note                     = {[Använd 5-Februari 2018]},
  Year                     = {2016},

  Owner                    = {hpnotiqz},
  Timestamp                = {2018.02.05},
  Url                      = {https://en.wikipedia.org/wiki/Atari_Games}
}

@Misc{wiki:005,
  Title                    = {Lee Sedol --- {W}ikipedia{,} The Free Encyclopedia},

  Author                   = {Wikipedia contributors},
  Note                     = {[Använd 5-Februari 2018]},
  Year                     = {2016},

  Owner                    = {hpnotiqz},
  Timestamp                = {2018.02.05},
  Url                      = {https://en.wikipedia.org/wiki/Lee_Sedol}
}

@Misc{wiki:006,
  Title                    = {Go(game) --- {W}ikipedia{,} The Free Encyclopedia},

  Author                   = {Wikipedia contributors},
  Note                     = {[Använd 5-Februari 2018]},
  Year                     = {2016},

  Owner                    = {hpnotiqz},
  Timestamp                = {2018.02.05},
  Url                      = {https://en.wikipedia.org/wiki/Go_(game)}
}

@Misc{wiki:007,
  Title                    = {Unsupervised learning --- {W}ikipedia{,} The Free Encyclopedia},

  Author                   = {Wikipedia contributors},
  Note                     = {[Använd 5-Februari 2018]},
  Year                     = {2016},

  Owner                    = {hpnotiqz},
  Timestamp                = {2018.02.05},
  Url                      = {https://en.wikipedia.org/wiki/Unsupervised_learning}
}

@Misc{wiki:001,
  Title                    = {F1 score --- {W}ikipedia{,} The Free Encyclopedia},

  Author                   = {Wikipedia contributors},
  Note                     = {[Använd 29-Januari 2018]},
  Year                     = {2014},

  Url                      = {https://en.wikipedia.org/wiki/F1_score}
}

@Misc{wiki:003,
  Title                    = {Confusion matrix --- {W}ikipedia{,} The Free Encyclopedia},

  Author                   = {Wikipedia contributors},
  Note                     = {[Använd 29-Januari 2018]},
  Year                     = {2014},

  Owner                    = {hpnotiqz},
  Timestamp                = {2018.01.29},
  Url                      = {https://en.wikipedia.org/wiki/Confusion_matrix}
}

@Misc{wiki:010,
  Title                    = {Emoji --- {W}ikipedia{,} The Free Encyclopedia},

  Author                   = {Wikipedia contributors},
  Note                     = {[Använd 5-Februari 2018]},
  Year                     = {2014},

  Owner                    = {hpnotiqz},
  Timestamp                = {2018.02.05},
  Url                      = {https://sv.wikipedia.org/wiki/Emoji}
}

@Misc{wiki:013,
  Title                    = {Additive smoothing --- {W}ikipedia{,} The Free Encyclopedia},

  Author                   = {Wikipedia contributors},
  Note                     = {[Använd 26-Februari 2018]},
  Year                     = {2008},

  Owner                    = {hpnotiqz},
  Timestamp                = {2018.02.05},
  Url                      = {https://en.wikipedia.org/wiki/Additive_smoothing#Pseudocount}
}

@Misc{wiki:008,
  Title                    = {Twitter --- {W}ikipedia{,} The Free Encyclopedia},

  Author                   = {Wikipedia contributors},
  Note                     = {[Använd 5-Februari 2018]},
  Year                     = {2007},

  Owner                    = {hpnotiqz},
  Timestamp                = {2018.02.05},
  Url                      = {https://en.wikipedia.org/wiki/Twitter}
}

@Misc{svm:004,
  Title                    = {Kernel method --- {W}ikipedia{,} The Free Encyclopedia},

  Author                   = {Wikipedia contributors},
  Note                     = {[Använd 19-Mars 2018]},
  Year                     = {2005},

  Owner                    = {hpnotiqz},
  Timestamp                = {2018.03.19},
  Url                      = {https://en.wikipedia.org/wiki/Kernel_method}
}

@Misc{wiki:012,
  Title                    = {Dirichlet distribution --- {W}ikipedia{,} The Free Encyclopedia},

  Author                   = {Wikipedia contributors},
  Note                     = {[Använd 26-Februari 2018]},
  Year                     = {2004},

  Owner                    = {hpnotiqz},
  Timestamp                = {2018.02.05},
  Url                      = {https://en.wikipedia.org/wiki/Dirichlet_distribution}
}

@Misc{wiki:014,
  Title                    = {Feature (machine learning) --- {W}ikipedia{,} The Free Encyclopedia},

  Author                   = {Wikipedia contributors},
  Note                     = {[Använd 12-Mars 2018]},
  Year                     = {2004},

  Owner                    = {hpnotiqz},
  Timestamp                = {2018.03.12},
  Url                      = {https://en.wikipedia.org/wiki/Feature_(machine_learning)}
}

@Misc{svm:002,
  Title                    = {Support Vector Machine --- {W}ikipedia{,} The Free Encyclopedia},

  Author                   = {Wikipedia contributors},
  Note                     = {[Använd 12-Februari 2018]},
  Year                     = {2002},

  Owner                    = {hpnotiqz},
  Timestamp                = {2018.02.12},
  Url                      = {https://en.wikipedia.org/wiki/Support_vector_machine}
}

@Misc{wiki:009,
  Title                    = {Bayes' theorem --- {W}ikipedia{,} The Free Encyclopedia},

  Author                   = {Wikipedia contributors},
  Note                     = {[Använd 12-Februari 2018]},
  Year                     = {2002},

  Owner                    = {hpnotiqz},
  Timestamp                = {2018.02.12},
  Url                      = {https://en.wikipedia.org/wiki/Bayes%27_theorem}
}

@Misc{wiki:011,
  Title                    = {Accuracy and precision --- {W}ikipedia{,} The Free Encyclopedia},

  Author                   = {Wikipedia contributors},
  Note                     = {[Använd 5-Februari 2018]},
  Year                     = {2002},

  Owner                    = {hpnotiqz},
  Timestamp                = {2018.02.05},
  Url                      = {https://en.wikipedia.org/wiki/Accuracy_and_precision}
}

@InProceedings{7394379,
  Title                    = {Effect of training set size on SVM and Naive Bayes for Twitter sentiment analysis},
  Author                   = {O. Abdelwahab and M. Bahgat and C. J. Lowrance and A. Elmaghraby},
  Booktitle                = {2015 IEEE International Symposium on Signal Processing and Information Technology (ISSPIT)},
  Year                     = {2015},
  Month                    = {Dec},
  Pages                    = {46-51},

  Doi                      = {10.1109/ISSPIT.2015.7394379},
  Keywords                 = {social networking (online);support vector machines;AND-type fusion;F-score;Naïve Bayes classifiers;OR-type fusion;SVM;Twitter sentiment analysis;decision fusion technique;sentiment classification;training set size;Companies;Libraries;Sentiment analysis;Size measurement;Support vector machines;Training;Training data;Ensemble;Ensemble fusion;Training Set Size;Twitter Sentiment Analysis}
}

@InProceedings{feature:002,
  Title                    = {Sentiment analysis of twitter data},
  Author                   = {Agarwal, Apoorv and Xie, Boyi and Vovsha, Ilia and Rambow, Owen and Passonneau, Rebecca},
  Booktitle                = {Proceedings of the workshop on languages in social media},
  Year                     = {2011},
  Organization             = {Association for Computational Linguistics},
  Pages                    = {30--38}
}

@InProceedings{cnn:001,
  Title                    = {Understanding of a convolutional neural network},
  Author                   = {S. Albawi and T. A. Mohammed and S. Al-Zawi},
  Booktitle                = {2017 International Conference on Engineering and Technology (ICET)},
  Year                     = {2017},
  Month                    = {Aug},
  Pages                    = {1-6},

  Doi                      = {10.1109/ICEngTechnol.2017.8308186},
  Keywords                 = {Convolution;Convolutional neural networks;Feature extraction;Image edge detection;Neurons;Image recognition;artificial neural networks;computer vision;convolutional neural networks;deep learning;machine learning}
}

@Misc{SemEval:003,
  Title                    = {Amazon Mechanical Turk},

  Author                   = {Amazon},
  Note                     = {[Använd 12-Februari 2018]},
  Year                     = {i.d},

  Owner                    = {hpnotiqz},
  Timestamp                = {2018.02.12},
  Url                      = {https://www.mturk.com/product-details}
}

@Misc{siri,
  Title                    = {IOS - Siri - Apple},

  Author                   = {Apple},
  Note                     = {[Använd 5-Mars 2018]},
  Year                     = {i.d},

  Owner                    = {hpnotiqz},
  Timestamp                = {2018.03.05},
  Url                      = {https://www.apple.com/ios/siri/}
}

@Misc{svm:003,
  Title                    = {Support Vector Machines: A Simple Explanation},

  Author                   = {Noel Bambrick},
  Note                     = {[Använd 12-Februari 2018]},
  Year                     = {i.d},

  Owner                    = {hpnotiqz},
  Timestamp                = {2018.02.12},
  Url                      = {https://www.kdnuggets.com/2016/07/support-vector-machines-simple-explanation.html}
}

@InProceedings{7966838,
  Title                    = {A Two-Step Method for Sentiment Analysis of Tweets},
  Author                   = {N. Bindal and N. Chatterjee},
  Booktitle                = {2016 International Conference on Information Technology (ICIT)},
  Year                     = {2016},
  Month                    = {Dec},
  Pages                    = {218-224},

  Doi                      = {10.1109/ICIT.2016.052},
  Keywords                 = {learning (artificial intelligence);natural language processing;sentiment analysis;social networking (online);statistical analysis;support vector machines;PMI;POS;SVM;lexicon-based sentiment scoring method;machine learning;natural language processing techniques;negative polarity;part-of-speech tags;point-wise mutual information measure;positive polarity;public sentiment extraction;sentiment analysis;sentiment classification;sentiment mining;supervised statistical learning algorithms;support vector machine classifier;tweets;two-step method;Feature extraction;Labeling;Sentiment analysis;Support vector machines;Tagging;Training;Twitter;Machine learning;Sentiment analysis;Sentiment lexicon;Twitter}
}

@Misc{cnn:004,
  Title                    = {Understanding Convolutional Neural Networks for NLP},

  Author                   = {Denny Britz},
  Year                     = {2015},

  Comment                  = {Last checked 2018-04-03},
  Owner                    = {hpnotiqz},
  Timestamp                = {2018.04.03},
  Url                      = {http://www.wildml.com/2015/11/understanding-convolutional-neural-networks-for-nlp/}
}

@Misc{impcnn:001,
  Title                    = {Implementing a CNN for Text Classification in TensorFlow},

  Author                   = {Denny Britz},
  Note                     = {[Använd 16-April 2018]},
  Year                     = {2015},

  Owner                    = {hpnotiqz},
  Timestamp                = {2018.04.16},
  Url                      = {http://www.wildml.com/2015/12/implementing-a-cnn-for-text-classification-in-tensorflow/}
}

@Misc{impcnn:002,
  Title                    = {Convolutional Neural Network for Text Classification in Tensorflow},

  Author                   = {Denny Britz},
  Note                     = {[Använd 16-April 2018]},
  Year                     = {2015},

  Owner                    = {hpnotiqz},
  Timestamp                = {2018.04.16},
  Url                      = {https://github.com/dennybritz/cnn-text-classification-tf}
}

@Misc{learning:001,
  Title                    = {Supervised and Unsupervised Machine Learning Algorithms},

  Author                   = {Jason Brownlee},
  Year                     = {2016},

  Comment                  = {Last checked 2017-02-05},
  Owner                    = {hpnotiqz},
  Timestamp                = {2018.02.05},
  Url                      = {https://machinelearningmastery.com/supervised-and-unsupervised-machine-learning-algorithms/}
}

@Misc{svm:007,
  Title                    = {Overfitting and Underfitting With Machine Learning Algorithms},

  Author                   = {Jason Brownlee},
  Note                     = {[Använd 16-April 2018]},
  Year                     = {2016},

  Owner                    = {hpnotiqz},
  Timestamp                = {2018.03.11},
  Url                      = {https://machinelearningmastery.com/overfitting-and-underfitting-with-machine-learning-algorithms/}
}

@InProceedings{slut:004,
  Title                    = {Swisscheese at semeval-2016 task 4: Sentiment classification using an ensemble of convolutional neural networks with distant supervision},
  Author                   = {Deriu, Jan and Gonzenbach, Maurice and Uzdilli, Fatih and Lucchi, Aurelien and Luca, Valeria De and Jaggi, Martin},
  Booktitle                = {Proceedings of the 10th International Workshop on Semantic Evaluation},
  Year                     = {2016},
  Number                   = {EPFL-CONF-229234},
  Pages                    = {1124--1128}
}

@InProceedings{7813707,
  Title                    = {Techniques for sentiment analysis of Twitter data: A comprehensive survey},
  Author                   = {M. Desai and M. A. Mehta},
  Booktitle                = {2016 International Conference on Computing, Communication and Automation (ICCCA)},
  Year                     = {2016},
  Month                    = {April},
  Pages                    = {149-154},

  Doi                      = {10.1109/CCAA.2016.7813707},
  Keywords                 = {Internet;data mining;sentiment analysis;social networking (online);Internet forums;Twitter data;World Wide Web;blogs;discussion groups;negative category;neutral category;online available data;opinion categorization;parametric comparison;positive category;sentiment analysis techniques;sentiment mining;topic opinions;unstructured data classification;user-generated content;Automation;Data mining;Feature extraction;Machine learning algorithms;Sentiment analysis;Support vector machines;Twitter;Sentiment analysis;Twitter;machine learning;opinion mining}
}

@Misc{cnn:008,
  Title                    = {A Beginner's Guide To Understanding Convolutional Neural Networks},

  Author                   = {Adit Deshpande},
  Year                     = {2016},

  Comment                  = {Last checked 2018-04-11},
  Owner                    = {hpnotiqz},
  Timestamp                = {2018.04.11},
  Url                      = {https://adeshpande3.github.io/A-Beginner%27s-Guide-To-Understanding-Convolutional-Neural-Networks/}
}

@InProceedings{7784960,
  Title                    = {Twitter sentiment analysis using various classification algorithms},
  Author                   = {A. Deshwal and S. K. Sharma},
  Booktitle                = {2016 5th International Conference on Reliability, Infocom Technologies and Optimization (Trends and Future Directions) (ICRITO)},
  Year                     = {2016},
  Month                    = {Sept},
  Pages                    = {251-257},

  Doi                      = {10.1109/ICRITO.2016.7784960},
  Keywords                 = {data mining;feature extraction;pattern classification;sentiment analysis;social networking (online);Twitter sentiment analysis;classification algorithm;feature extraction;opinion mining;Classification algorithms;Computer languages;Data mining;Feature extraction;Machine learning algorithms;Sentiment analysis;Twitter;Opinion Mining;Sentiment Analysis;Twitter}
}

@Article{nb:005,
  Title                    = {Pattern classification and scene analysis 2nd ed},
  Author                   = {Duda, Richard O and Hart, Peter E and Stork, David G},
  Journal                  = {ed: Wiley Interscience},
  Year                     = {1995}
}

@InProceedings{effrosynidis2017comparison,
  Title                    = {A Comparison of Pre-processing Techniques for Twitter Sentiment Analysis},
  Author                   = {Effrosynidis, Dimitrios and Symeonidis, Symeon and Arampatzis, Avi},
  Booktitle                = {International Conference on Theory and Practice of Digital Libraries},
  Year                     = {2017},
  Organization             = {Springer},
  Pages                    = {394--406}
}

@Misc{impl:003,
  Title                    = {6.2. re — Regular expression operations},

  Author                   = {Friedl, Jeffrey},
  Note                     = {[Använd 4-April 2018]},
  Year                     = {2009},

  Owner                    = {hpnotiqz},
  Timestamp                = {2018.04-04},
  Url                      = {https://docs.python.org/3/library/re.html}
}

@Article{nb:006,
  Title                    = {Prior distribution},
  Author                   = {Gelman, Andrew},
  Journal                  = {Encyclopedia of environmetrics},
  Year                     = {2002},

  Publisher                = {Wiley Online Library}
}

@Article{TSAsurvey,
  Title                    = {Like It or Not: A Survey of Twitter Sentiment Analysis Methods},
  Author                   = {Giachanou, Anastasia and Crestani, Fabio},
  Journal                  = {ACM Comput. Surv.},
  Year                     = {2016},

  Month                    = jun,
  Number                   = {2},
  Pages                    = {28:1--28:41},
  Volume                   = {49},

  Acmid                    = {2938640},
  Address                  = {New York, NY, USA},
  Articleno                = {28},
  Doi                      = {10.1145/2938640},
  ISSN                     = {0360-0300},
  Issue_date               = {November 2016},
  Keywords                 = {Sentiment analysis, microblogs, opinion mining, twitter},
  Numpages                 = {41},
  Publisher                = {ACM},
  Url                      = {http://doi.acm.org/10.1145/2938640}
}

@Article{go2009twitter,
  Title                    = {Twitter sentiment classification using distant supervision},
  Author                   = {Go, Alec and Bhayani, Richa and Huang, Lei},
  Journal                  = {CS224N Project Report, Stanford},
  Year                     = {2009},
  Number                   = {12},
  Volume                   = {1}
}

@Article{sts:001,
  Title                    = {Twitter sentiment classification using distant supervision},
  Author                   = {Go, Alec and Bhayani, Richa and Huang, Lei},
  Journal                  = {CS224N Project Report, Stanford},
  Year                     = {2009},
  Number                   = {12},
  Volume                   = {1}
}

@Misc{google,
  Title                    = {Google Assistant - Your own personal Google},

  Author                   = {Google},
  Note                     = {[Använd 5-Mars 2018]},
  Year                     = {i.d},

  Owner                    = {hpnotiqz},
  Timestamp                = {2018.03.05},
  Url                      = {https://assistant.google.com/}
}

@Article{HADDI201326,
  Title                    = {The Role of Text Pre-processing in Sentiment Analysis},
  Author                   = {Emma Haddi and Xiaohui Liu and Yong Shi},
  Journal                  = {Procedia Computer Science},
  Year                     = {2013},
  Note                     = {First International Conference on Information Technology and Quantitative Management},
  Pages                    = {26 - 32},
  Volume                   = {17},

  Doi                      = {https://doi.org/10.1016/j.procs.2013.05.005},
  ISSN                     = {1877-0509},
  Keywords                 = {Sentiment Analysis, Text Pre-processing, Feature Selection, Chi Squared, SVM},
  Url                      = {http://www.sciencedirect.com/science/article/pii/S1877050913001385}
}

@InCollection{nb:007,
  Title                    = {A tutorial on learning with Bayesian networks},
  Author                   = {Heckerman, David},
  Booktitle                = {Learning in graphical models},
  Publisher                = {Springer},
  Year                     = {1998},
  Pages                    = {301--354}
}

@InProceedings{7463812,
  Title                    = {Pre-processing Boosting Twitter Sentiment Analysis?},
  Author                   = {Z. Jianqiang},
  Booktitle                = {2015 IEEE International Conference on Smart City/SocialCom/SustainCom (SmartCity)},
  Year                     = {2015},
  Month                    = {Dec},
  Pages                    = {748-753},

  Doi                      = {10.1109/SmartCity.2015.158},
  Keywords                 = {feature extraction;feature selection;pattern classification;sentiment analysis;social networking (online);Twitter sentiment analysis boosting preprocessing;acronym;feature selection;negation;public feeling monitoring;removal URL;removal numbers;removal stopword;repeated letters;sentiment classification performance;sentiment feature extracttion;Niobium;Radio frequency;Sentiment analysis;Support vector machines;Terminology;Twitter;Uniform resource locators;Twitter;pre-processing;sentiment analysis}
}

@Article{7862202,
  Title                    = {Comparison Research on Text Pre-processing Methods on Twitter Sentiment Analysis},
  Author                   = {Z. Jianqiang and G. Xiaolin},
  Journal                  = {IEEE Access},
  Year                     = {2017},
  Pages                    = {2870-2879},
  Volume                   = {5},

  Doi                      = {10.1109/ACCESS.2017.2672677},
  ISSN                     = {2169-3536},
  Keywords                 = {Bayes methods;feature extraction;logistics;pattern classification;regression analysis;sentiment analysis;social networking (online);support vector machines;Twitter;URL;feature extraction;logistic regression;naive Bayes classifiers;public feeling;random forest classifiers;sentiment analysis;sentiment classification;support vector machine;text preprocessing;Analytical models;Organizations;Sentiment analysis;Support vector machines;Terminology;Twitter;Uniform resource locators;Twitter;sentiment analysis;text pre-processing}
}

@InProceedings{10.1007/BFb0026683,
  Title                    = {Text categorization with Support Vector Machines: Learning with many relevant features},
  Author                   = {Joachims, Thorsten},
  Booktitle                = {Machine Learning: ECML-98},
  Year                     = {1998},

  Address                  = {Berlin, Heidelberg},
  Editor                   = {N{\'e}dellec, Claire
and Rouveirol, C{\'e}line},
  Pages                    = {137--142},
  Publisher                = {Springer Berlin Heidelberg},

  Abstract                 = {This paper explores the use of Support Vector Machines (SVMs) for learning text classifiers from examples. It analyzes the particular properties of learning with text data and identifies why SVMs are appropriate for this task. Empirical results support the theoretical findings. SVMs achieve substantial improvements over the currently best performing methods and behave robustly over a variety of different learning tasks. Furthermore they are fully automatic, eliminating the need for manual parameter tuning.},
  ISBN                     = {978-3-540-69781-7}
}

@Misc{cnn:007,
  Title                    = {Understanding how Convolutional Neural Network (CNN) perform text classification with word embeddings},

  Author                   = {Joshua Kim},
  Year                     = {2017},

  Comment                  = {Last checked 2018-04-03},
  Owner                    = {hpnotiqz},
  Timestamp                = {2018.04.10},
  Url                      = {https://towardsdatascience.com/understanding-how-convolutional-neural-network-cnn-perform-text-classification-with-word-d2ee64b9dd0b}
}

@Article{cnn:003,
  Title                    = {Convolutional neural networks for sentence classification},
  Author                   = {Kim, Yoon},
  Journal                  = {arXiv preprint arXiv:1408.5882},
  Year                     = {2014}
}

@Article{kolchyna2015twitter,
  Title                    = {Twitter sentiment analysis: Lexicon method, machine learning method and their combination},
  Author                   = {Kolchyna, Olga and Souza, Tharsis TP and Treleaven, Philip and Aste, Tomaso},
  Journal                  = {arXiv preprint arXiv:1507.00955},
  Year                     = {2015}
}

@Article{feature:001,
  Title                    = {Twitter sentiment analysis: The good the bad and the omg!},
  Author                   = {Kouloumpis, Efthymios and Wilson, Theresa and Moore, Johanna D},
  Journal                  = {Icwsm},
  Year                     = {2011},
  Number                   = {538-541},
  Pages                    = {164},
  Volume                   = {11}
}

@Misc{svm:006,
  Title                    = {Linear Kernel: Why is it recommended for text classification ?},

  Author                   = {Alexandre Kowalczyk},
  Note                     = {[Använd 27-Mars 2018]},
  Year                     = {2014},

  Owner                    = {hpnotiqz},
  Timestamp                = {2018.03.27},
  Url                      = {https://www.svm-tutorial.com/2014/10/svm-linear-kernel-good-text-classification/}
}

@InProceedings{7785373,
  Title                    = {The effect of preprocessing techniques on Twitter sentiment analysis},
  Author                   = {A. Krouska and C. Troussas and M. Virvou},
  Booktitle                = {2016 7th International Conference on Information, Intelligence, Systems Applications (IISA)},
  Year                     = {2016},
  Month                    = {July},
  Pages                    = {1-5},

  Doi                      = {10.1109/IISA.2016.7785373},
  Keywords                 = {pattern classification;sentiment analysis;social networking (online);Twitter datasets;Twitter sentiment analysis;Twitter text preprocessing;data preprocessing;feature representation;feature selection;sentiment polarity classification;Classification algorithms;Filtering algorithms;Machine learning algorithms;Sentiment analysis;Standards;Support vector machines;Twitter;Attribute selection;Learning machines;N-grams;Preprocessing;Sentiment Analysis;Twitter}
}

@Article{cnn:006,
  Title                    = {CNN for situations understanding based on sentiment analysis of twitter data},
  Author                   = {Shiyang Liao and Junbo Wang and Ruiyun Yu and Koichi Sato and Zixue Cheng},
  Journal                  = {Procedia Computer Science},
  Year                     = {2017},
  Note                     = {The 8th International Conference on Advances in Information Technology},
  Pages                    = {376 - 381},
  Volume                   = {111},

  Doi                      = {https://doi.org/10.1016/j.procs.2017.06.037},
  ISSN                     = {1877-0509},
  Keywords                 = {machine learning, deep learning, convolutional neural network, sentiment analysis, data mining},
  Url                      = {http://www.sciencedirect.com/science/article/pii/S1877050917312103}
}

@Article{DMatari00,
  Title                    = {Human-level control through deep reinforcement learning},
  Author                   = {Mnih, Volodymyr and Kavukcuoglu, Koray and Silver, David and Rusu, Andrei A and Veness, Joel and Bellemare, Marc G and Graves, Alex and Riedmiller, Martin and Fidjeland, Andreas K and Ostrovski, Georg and others},
  Journal                  = {Nature},
  Year                     = {2015},
  Number                   = {7540},
  Pages                    = {529},
  Volume                   = {518},

  Publisher                = {Nature Publishing Group}
}

@InProceedings{SemEval:004,
  Title                    = {SemEval-2016 task 4: Sentiment analysis in Twitter},
  Author                   = {Nakov, Preslav and Ritter, Alan and Rosenthal, Sara and Sebastiani, Fabrizio and Stoyanov, Veselin},
  Booktitle                = {Proceedings of the 10th International Workshop on Semantic Evaluation (SemEval-2016)},
  Year                     = {2016},
  Pages                    = {1--18}
}

@Misc{slut:002,
  Title                    = {NVIDIA Tesla v100 | NVIDIA},

  Author                   = {NVIDIA},
  Note                     = {[i.d]},
  Year                     = {2002},

  Owner                    = {hpnotiqz},
  Timestamp                = {2018.05.02},
  Url                      = {https://www.nvidia.com/en-us/data-center/tesla-v100/}
}

@Misc{impcnn:003,
  Title                    = {CNN-text-classification-keras},

  Author                   = {Bhavesh Vinod Oswal},
  Note                     = {[Använd 16-April 2018]},
  Year                     = {2016},

  Owner                    = {hpnotiqz},
  Timestamp                = {2018.04.16},
  Url                      = {https://github.com/bhaveshoswal/CNN-text-classification-keras}
}

@Misc{idf:001,
  Title                    = {Inverse document frequency},

  Author                   = {Cambridge University Press},
  Note                     = {[Använd 11-April 2018]},
  Year                     = {2009-04-07},

  Owner                    = {hpnotiqz},
  Timestamp                = {2018.03.11},
  Url                      = {https://nlp.stanford.edu/IR-book/html/htmledition/inverse-document-frequency-1.html}
}

@Misc{nb:001,
  Title                    = {6 Easy Steps to Learn Naive Bayes Algorithm (with codes in Python and R)},

  Author                   = {Sunil Ray},
  Note                     = {[Använd 12-Februari 2018]},
  Year                     = {2015},

  Owner                    = {hpnotiqz},
  Timestamp                = {2018.02.12},
  Url                      = {https://www.analyticsvidhya.com/blog/2017/09/naive-bayes-explained/}
}

@InProceedings{nb:008,
  Title                    = {Tackling the poor assumptions of naive bayes text classifiers},
  Author                   = {Rennie, Jason D and Shih, Lawrence and Teevan, Jaime and Karger, David R},
  Booktitle                = {Proceedings of the 20th international conference on machine learning (ICML-03)},
  Year                     = {2003},
  Pages                    = {616--623}
}

@Misc{impl:004,
  Title                    = {Beautiful Soup Documentation},

  Author                   = {Leonard Richardson},
  Note                     = {[Använd 4-April 2018]},
  Year                     = {2004},

  Owner                    = {hpnotiqz},
  Timestamp                = {2018.04-04},
  Url                      = {https://www.crummy.com/software/BeautifulSoup/bs4/doc/#}
}

@Misc{gui:002,
  Title                    = {Welcome - Flask A Python microframework},

  Author                   = {Armin Ronacher},
  Note                     = {[Använd 16-April-2018]},
  Year                     = {2010},

  Url                      = {http://flask.pocoo.org/}
}

@InProceedings{7434400,
  Title                    = {Twitter Sentiment Analysis -- A More Enhanced Way of Classification and Scoring},
  Author                   = {S. Sahu and S. K. Rout and D. Mohanty},
  Booktitle                = {2015 IEEE International Symposium on Nanoelectronic and Information Systems},
  Year                     = {2015},
  Month                    = {Dec},
  Pages                    = {67-72},

  Doi                      = {10.1109/iNIS.2015.40},
  Keywords                 = {learning (artificial intelligence);pattern classification;sentiment analysis;social networking (online);support vector machines;Twitter sentiment analysis;data preprocessing;machine learning algorithms;maximum entropy;sentiment classification;sentiment scoring mechanism;spell checking algorithm;support vector machines;tweet lexicon features;Algorithm design and analysis;Classification algorithms;Dictionaries;Entropy;Support vector machines;Training;Twitter;Twitter;machine learning;sentiment classification}
}

@Article{saif2013evaluation,
  Title                    = {Evaluation datasets for Twitter sentiment analysis: a survey and a new dataset, the STS-Gold},
  Author                   = {Saif, Hassan and Fernandez, Miriam and He, Yulan and Alani, Harith},
  Year                     = {2013}
}

@Misc{nb:002,
  Title                    = {How the Naive Bayes Classifier works in Machine Learning},

  Author                   = {Rahul Saxena},
  Note                     = {[Använd 12-Februari 2018]},
  Year                     = {2017},

  Owner                    = {hpnotiqz},
  Timestamp                = {2018.02.12},
  Url                      = {http://dataaspirant.com/2017/02/06/naive-bayes-classifier-machine-learning/}
}

@Misc{scikit:001,
  Title                    = {Working With Text Data},

  Author                   = {scikitlearn documentation},
  Note                     = {[Använd 12-Mars 2018]},
  Year                     = {i.d},

  Owner                    = {hpnotiqz},
  Timestamp                = {2018.03.12},
  Url                      = {http://scikit-learn.org/stable/tutorial/text_analytics/working_with_text_data.html}
}

@Misc{scikit:002,
  Title                    = {sci-kit learn - Machine learning in python.},

  Author                   = {scikitlearn documentation},
  Note                     = {[Använd 12-April 2018]},
  Year                     = {i.d},

  Owner                    = {hpnotiqz},
  Timestamp                = {2018.03.12},
  Url                      = {http://scikit-learn.org/stable/index.html#}
}

@Misc{scikit:003,
  Title                    = {sklearn.model-selection.train-test-split - sk-learn 0.19.1 documentation},

  Author                   = {scikitlearn documentation},
  Note                     = {[Använd 11-April 2018]},
  Year                     = {i.d},

  Owner                    = {hpnotiqz},
  Timestamp                = {2018.03.11},
  Url                      = {http://scikit-learn.org/stable/modules/generated/sklearn.model_selection.train_test_split.html}
}

@Misc{scikit:004,
  Title                    = {sklearn.naive-bayes.MultinomialNB - sk-learn 0.19.1 documentation },

  Author                   = {scikitlearn documentation},
  Note                     = {[Använd 11-April 2018]},
  Year                     = {i.d},

  Owner                    = {hpnotiqz},
  Timestamp                = {2018.03.11},
  Url                      = {http://scikit-learn.org/stable/modules/generated/sklearn.naive_bayes.MultinomialNB.html}
}

@Misc{scikit:005,
  Title                    = {sklearn.feature-extraction.text.CountVectorizer - sk-learn 0.19.1 documentation},

  Author                   = {scikitlearn documentation},
  Note                     = {[Använd 11-April 2018]},
  Year                     = {i.d},

  Owner                    = {hpnotiqz},
  Timestamp                = {2018.03.11},
  Url                      = {http://scikit-learn.org/stable/modules/generated/sklearn.feature_extraction.text.CountVectorizer.html}
}

@Misc{scikit:006,
  Title                    = {sklearn.model.selection.GridSearchCV - sk-learn 0.19.1 documentation },

  Author                   = {scikitlearn documentation},
  Note                     = {[Använd 11-April 2018]},
  Year                     = {i.d},

  Owner                    = {hpnotiqz},
  Timestamp                = {2018.03.11},
  Url                      = {http://scikit-learn.org/stable/modules/generated/sklearn.model_selection.GridSearchCV.html}
}

@Misc{scikit:007,
  Title                    = {sklearn.feature-selection.SelectKBest - sk-learn 0.19.1 documentation },

  Author                   = {scikitlearn documentation},
  Note                     = {[Använd 11-April 2018]},
  Year                     = {i.d},

  Owner                    = {hpnotiqz},
  Timestamp                = {2018.03.11},
  Url                      = {http://scikit-learn.org/stable/modules/generated/sklearn.feature_selection.SelectKBest.html}
}

@Misc{scikit:008,
  Title                    = {1.4. Support Vector Machines - sk-learn 0.19.1 documentation },

  Author                   = {scikitlearn documentation},
  Note                     = {[Använd 11-April 2018]},
  Year                     = {i.d},

  Owner                    = {hpnotiqz},
  Timestamp                = {2018.03.11},
  Url                      = {http://scikit-learn.org/stable/modules/svm.html}
}

@Misc{scikit:009,
  Title                    = {sklearn.linear-model.SGDClassifier - sk-learn 0.19.1 documentation },

  Author                   = {scikitlearn documentation},
  Note                     = {[Använd 11-April 2018]},
  Year                     = {i.d},

  Owner                    = {hpnotiqz},
  Timestamp                = {2018.03.11},
  Url                      = {http://scikit-learn.org/stable/modules/generated/sklearn.linear_model.SGDClassifier.html}
}

@Misc{nb:003,
  Title                    = {1.9 Naive Bayes -- scikitlearn documentation},

  Author                   = {scikitlearn documentation},
  Note                     = {[Använd 12-Februari 2018]},
  Year                     = {2017},

  Owner                    = {hpnotiqz},
  Timestamp                = {2018.02.12},
  Url                      = {http://scikit-learn.org/stable/modules/naive_bayes.html}
}

@Misc{lex:002,
  Title                    = {SentiWordNet},

  Author                   = {SentiWordNet},
  Note                     = {[Använd 17-April 2018]},
  Year                     = {2010},

  Owner                    = {hpnotiqz},
  Timestamp                = {2018.02.05},
  Url                      = {sentiwordnet.isti.cnr.it}
}

@Article{DMgo,
  Title                    = {Mastering the game of Go with deep neural networks and tree search},
  Author                   = {Silver, David and Huang, Aja and Maddison, Chris J and Guez, Arthur and Sifre, Laurent and Van Den Driessche, George and Schrittwieser, Julian and Antonoglou, Ioannis and Panneershelvam, Veda and Lanctot, Marc and others},
  Journal                  = {nature},
  Year                     = {2016},
  Number                   = {7587},
  Pages                    = {484--489},
  Volume                   = {529},

  Publisher                = {Nature Research}
}

@Article{SINGH2016549,
  Title                    = {Role of Text Pre-processing in Twitter Sentiment Analysis},
  Author                   = {Tajinder Singh and Madhu Kumari},
  Journal                  = {Procedia Computer Science},
  Year                     = {2016},
  Note                     = {Twelfth International Conference on Communication Networks, ICCN 2016, August 19– 21, 2016, Bangalore, India Twelfth International Conference on Data Mining and Warehousing, ICDMW 2016, August 19-21, 2016, Bangalore, India Twelfth International Conference on Image and Signal Processing, ICISP 2016, August 19-21, 2016, Bangalore, India},
  Pages                    = {549 - 554},
  Volume                   = {89},

  Doi                      = {https://doi.org/10.1016/j.procs.2016.06.095},
  ISSN                     = {1877-0509},
  Keywords                 = {Classification, CRF, n-Gram, Sentiment, Text Pre-Processing.},
  Url                      = {http://www.sciencedirect.com/science/article/pii/S1877050916311607}
}

@Misc{svm:005,
  Title                    = {An introduction to Support Vector Machines (SVM)},

  Author                   = {Bruno Stecanella},
  Note                     = {[Använd 19-Mars 2018]},
  Year                     = {2017},

  Owner                    = {hpnotiqz},
  Timestamp                = {2018.03.19},
  Url                      = {https://monkeylearn.com/blog/introduction-to-support-vector-machines-svm/}
}

@Misc{nb:004,
  Title                    = {Bernoulli Distribution: Definition and Examples},

  Author                   = {Stephanie},
  Note                     = {[Använd 12-Februari 2018]},
  Year                     = {2017},

  Owner                    = {hpnotiqz},
  Timestamp                = {2018.02.12},
  Url                      = {http://www.statisticshowto.com/bernoulli-distribution/}
}

@InProceedings{facebook:001,
  Title                    = {Deepface: Closing the gap to human-level performance in face verification},
  Author                   = {Taigman, Yaniv and Yang, Ming and Ranzato, Marc'Aurelio and Wolf, Lior},
  Booktitle                = {Proceedings of the IEEE conference on computer vision and pattern recognition},
  Year                     = {2014},
  Pages                    = {1701--1708}
}

@InProceedings{facebook:002,
  Title                    = {Balanced label propagation for partitioning massive graphs},
  Author                   = {Ugander, Johan and Backstrom, Lars},
  Booktitle                = {Proceedings of the sixth ACM international conference on Web search and data mining},
  Year                     = {2013},
  Organization             = {ACM},
  Pages                    = {507--516}
}

@Misc{lex:001,
  Title                    = {Princeton University "About WordNet.},

  Author                   = {Princeton University.},
  Note                     = {[Använd 17-April 2018]},
  Year                     = {2010},

  Owner                    = {hpnotiqz},
  Timestamp                = {2018.02.05},
  Url                      = {https://wordnet.princeton.edu/}
}

@Article{SAsurvey,
  Title                    = {Sentiment analysis algorithms and applications: A survey},
  Author                   = {Walaa Medhat, Ahmed Hassan, Hoda Korashy},
  Journal                  = {Ain Shams Engineering Journal},
  Year                     = {2014},

  Month                    = {December},
  Number                   = {Issue 4},
  Pages                    = {1093-1113},
  Volume                   = {Volume 5},

  Owner                    = {hpnotiqz},
  Timestamp                = {2018.01.22},
  Url                      = {https://ac.els-cdn.com/S2090447914000550/1-s2.0-S2090447914000550-main.pdf?_tid=77d36d1a-ff80-11e7-956d-00000aacb362&acdnat=1516631469_c14e5bc49162e2b9a4232c2931592298}
}

@InProceedings{slut:001,
  Title                    = {A character-based convolutional neural network for language-agnostic Twitter sentiment analysis},
  Author                   = {Wehrmann, Joonatas and Becker, Willian and Cagnini, Henry EL and Barros, Rodrigo C},
  Booktitle                = {Neural Networks (IJCNN), 2017 International Joint Conference on},
  Year                     = {2017},
  Organization             = {IEEE},
  Pages                    = {2384--2391}
}

@InProceedings{7966145,
  Title                    = {A character-based convolutional neural network for language-agnostic Twitter sentiment analysis},
  Author                   = {J. Wehrmann and W. Becker and H. E. L. Cagnini and R. C. Barros},
  Booktitle                = {2017 International Joint Conference on Neural Networks (IJCNN)},
  Year                     = {2017},
  Month                    = {May},
  Pages                    = {2384-2391},

  Doi                      = {10.1109/IJCNN.2017.7966145},
  Keywords                 = {data visualisation;feature extraction;feedforward neural nets;language translation;learning (artificial intelligence);sentiment analysis;social networking (online);character-based convolutional neural network;character-level embeddings;cross-language sentiment analysis;deep convolutional neural networks;knowledge visualization;language-agnostic Twitter sentiment analysis;language-agnostic translation-free method;latent feature learning;machine learning strategies;machine translation;monolingual sentiment analysis;translation quality;tweet corpora;tweet sentiment analysis;Analytical models;Context;Neural networks;Sentiment analysis;Training;Twitter;Vocabulary;Character-based Embedding;Convolutional Neural Networks;Deep Learning;Sentiment Analysis;Twitter}
}

@Misc{svm:001,
  Title                    = {"Hyperplane." From MathWorld--A Wolfram Web Resource},

  Author                   = {Eric W. Weisstein},
  Note                     = {[Använd 12-Februari 2018]},
  Year                     = {i.d},

  Owner                    = {hpnotiqz},
  Timestamp                = {2018.02.12},
  Url                      = {http://mathworld.wolfram.com/Hyperplane.html}
}

@Misc{wiki:016,
  Title                    = {Word embedding --- {Wikipedia}{,} The Free Encyclopedia},

  Author                   = {{Wikipedia contributors}},
  Note                     = {[Använd 11-April-2018]},
  Year                     = {2018},

  Url                      = {https://en.wikipedia.org/w/index.php?title=Word_embedding&oldid=835602312}
}

@InProceedings{7382029,
  Title                    = {Short Text Classification based on feature extension using The N-Gram model},
  Author                   = {Xinwei Zhang and Bin Wu},
  Booktitle                = {2015 12th International Conference on Fuzzy Systems and Knowledge Discovery (FSKD)},
  Year                     = {2015},
  Month                    = {Aug},
  Pages                    = {710-716},

  Doi                      = {10.1109/FSKD.2015.7382029},
  Keywords                 = {Bayes methods;Internet;Web sites;feature extraction;natural language processing;pattern classification;probability;text analysis;F1-Score;N-Gram model;Naive Bayes algorithm;Sina Weibo;Tianya;Twitter;Web 2.0;Weibo;continuous word sequences;feature extending method;feature extension;feature extension mode library;forums;n-gram extraction;precision;recall;short text classification;social media websites;Classification algorithms;Computational modeling;Feature extraction;Internet;Libraries;Semantics;Text categorization;Classification;Feature Extension;Na??ve Bayes;Short Text;The N-Gram Model}
}

@Article{cnn:002,
  Title                    = {A sensitivity analysis of (and practitioners' guide to) convolutional neural networks for sentence classification},
  Author                   = {Zhang, Ye and Wallace, Byron},
  Journal                  = {arXiv preprint arXiv:1510.03820},
  Year                     = {2015}
}

@Misc{gui:001,
  Title                    = {Bootstrap - The most popular HTML, CSS and JS library in the world},
  Note                     = {[Använd 16-April-2018]},
  Year                     = {i.d},

  Url                      = {https://getbootstrap.com/}
}

@Misc{impcnn:004,
  Title                    = {Keras Documentation},
  Note                     = {[Använd 16-April 2018]},
  Year                     = {i.d},

  Owner                    = {hpnotiqz},
  Timestamp                = {2018.04.16},
  Url                      = {https://keras.io/}
}

@Misc{impcnn:005,
  Title                    = {TensorFlow},
  Note                     = {[Använd 16-April 2018]},
  Year                     = {i.d},

  Owner                    = {hpnotiqz},
  Timestamp                = {2018.04.16},
  Url                      = {https://www.tensorflow.org/}
}

@Misc{impcnn:006,
  Title                    = {Core layers - Keras Documentation},
  Note                     = {[Använd 16-April 2018]},
  Year                     = {i.d},

  Owner                    = {hpnotiqz},
  Timestamp                = {2018.04.16},
  Url                      = {https://keras.io/core/}
}

@Misc{impcnn:007,
  Title                    = {Sequential - Keras Documentation},
  Note                     = {[Använd 16-April 2018]},
  Year                     = {i.d},

  Owner                    = {hpnotiqz},
  Timestamp                = {2018.04.16},
  Url                      = {https://keras.io/models/sequential/#sequential-model-methods}
}

@Misc{impcnn:008,
  Title                    = {Model (functional API) - Keras Documentation},
  Note                     = {[Använd 17-April 2018]},
  Year                     = {i.d},

  Owner                    = {hpnotiqz},
  Timestamp                = {2018.04.17},
  Url                      = {https://keras.io/models/model/}
}

@Misc{impl:001,
  Title                    = {Python 3.0 release},
  Note                     = {[Använd 4-April 2018]},
  Year                     = {i.d},

  Owner                    = {hpnotiqz},
  Timestamp                = {2018.04-04},
  Url                      = {https://www.python.org/download/releases/3.0/}
}

@Misc{impl:005,
  Title                    = {6.5. unicodedata — Unicode Database},
  Note                     = {[Använd 4-April 2018]},
  Year                     = {i.d},

  Owner                    = {hpnotiqz},
  Timestamp                = {2018.04-04},
  Url                      = {https://www.crummy.com/software/BeautifulSoup/bs4/doc/#}
}

@Misc{impl:006,
  Title                    = {nltk.tokenize package - NLTK 3.2.5 documentation},
  Note                     = {[Använd 4-April 2018]},
  Year                     = {i.d},

  Owner                    = {hpnotiqz},
  Timestamp                = {2018.04-04},
  Url                      = {http://www.nltk.org/api/nltk.tokenize.html}
}

@Misc{impl:007,
  Title                    = {Removing stop words with NLTK in Python - GeeksforGeels},
  Note                     = {[Använd 4-April 2018]},
  Year                     = {i.d},

  Owner                    = {hpnotiqz},
  Timestamp                = {2018.04-04},
  Url                      = {http://www.nltk.org/api/nltk.tokenize.html}
}

@Misc{impl:008,
  Title                    = {nltk.stem package - NLTK 3.2.5 documentation},
  Note                     = {[Använd 4-April 2018]},
  Year                     = {i.d},

  Owner                    = {hpnotiqz},
  Timestamp                = {2018.04-04},
  Url                      = {http://www.nltk.org/api/nltk.tokenize.html}
}

@Misc{impl:002,
  Title                    = {pandas: powerful Python data analysis toolkit¶},
  Note                     = {[Använd 4-April 2018]},
  Year                     = {2017},

  Owner                    = {hpnotiqz},
  Timestamp                = {2018.04-04},
  Url                      = {https://pandas.pydata.org/pandas-docs/stable/}
}

@Misc{SemEval:001,
  Title                    = {International Workshop on Semantic Evaluation 2017},
  Note                     = {[Använd 12-Februari 2018]},
  Year                     = {2016},

  Owner                    = {hpnotiqz},
  Timestamp                = {2018.02.12},
  Url                      = {http://alt.qcri.org/semeval2017/}
}

@Misc{SemEval:002,
  Title                    = {Sentiment Analysis in Twitter},
  Note                     = {[Använd 12-Februari 2018]},
  Year                     = {2016},

  Owner                    = {hpnotiqz},
  Timestamp                = {2018.02.12},
  Url                      = {http://alt.qcri.org/semeval2017/task4/}
}

@Misc{gui:003,
  Title                    = {About SQLite},
  Note                     = {[Använd 16-April-2018]},
  Year                     = {2000},

  Url                      = {https://www.sqlite.org/about.html}
}

